
@Article{cockrell:18,
  author = 	 {Asheley Cockrell Skinner, Sophie N. Ravanbakht, Joseph A. Skelton, Eliana M. Perrin, Sarah C. Armstrong},
  title = 	 {Prevalence of Obesity and Severe Obesity in US Children, 1999â€“2016.},
  journal = 	 {Pediatrics},
  year = 	 {2018},
  volume = 	 {142},
  number = 	 {3},
  pages = 	 {No page listed}}
  

@Article{heer:16,
  author = 	 {William J. Heerman, Shanthi Krishnaswami, Shari L. Barkin, Melissa McPheeters},
  title = 	 {Adverse Family Experiences during Childhood and Adolescent Obesity},
  journal = 	 {Pediatric Obesity},
  year = 	 {2016},
  volume = 	 {24},
  number = 	 {3},
  pages = 	 {696--702}}

@Article{ohri:13,
  author = 	 {Ohri-Vachaspati, Lloyd K, Delia D, Tulloch D, Yedidia MJ},
  title = 	 {A closer examination of the relationship between children's weight status and the food and physical activity environment.},
  journal = 	 {Preventitive Medicine},
  year = 	 {2013},
  volume = 	 {57},
  number = 	 {3},
  pages = 	 {162--167}}

